<record><leader>00000cas a2200000 a 4500</leader><controlfield tag="001">40176031</controlfield><controlfield tag="008">981027d19631964iluwr ne      0   a0eng c</controlfield><datafield ind1=" " ind2=" " tag="010"><subfield code="a">sn 98063278 </subfield></datafield><datafield ind1=" " ind2=" " tag="040"><subfield code="a">NVF</subfield><subfield code="b">eng</subfield><subfield code="c">NVF</subfield><subfield code="d">CVF</subfield><subfield code="d">NVF</subfield><subfield code="d">OCLCQ</subfield><subfield code="d">OCLCF</subfield><subfield code="d">NVF</subfield><subfield code="d">OCLCO</subfield></datafield><datafield ind1="1" ind2=" " tag="029"><subfield code="a">AU@</subfield><subfield code="b">000025926771</subfield></datafield><datafield ind1=" " ind2=" " tag="042"><subfield code="a">pcc</subfield></datafield><datafield ind1=" " ind2=" " tag="043"><subfield code="a">n-us-il</subfield></datafield><datafield ind1="0" ind2=" " tag="130"><subfield code="a">Highland Parker (Highland Park, Ill.)</subfield></datafield><datafield ind1="1" ind2="0" tag="245"><subfield code="a">Highland Parker.</subfield></datafield><datafield ind1=" " ind2=" " tag="260"><subfield code="a">Highland Park, Ill. :</subfield><subfield code="b">Home Newspapers,</subfield><subfield code="c">1963-1964.</subfield></datafield><datafield ind1=" " ind2=" " tag="300"><subfield code="a">v.</subfield></datafield><datafield ind1=" " ind2=" " tag="310"><subfield code="a">Weekly,</subfield><subfield code="b">Sept. 12, 1963-Feb. 6, 1964</subfield></datafield><datafield ind1=" " ind2=" " tag="321"><subfield code="a">Monthly,</subfield><subfield code="b">June 29-Aug. 30, 1963</subfield></datafield><datafield ind1="0" ind2=" " tag="362"><subfield code="a">Vol. 1, no. 1 (June 29, 1963)-v. 1, no. 24 (Feb. 6, 1964).</subfield></datafield><datafield ind1=" " ind2="0" tag="651"><subfield code="a">Highland Park (Ill.)</subfield><subfield code="v">Newspapers.</subfield></datafield><datafield ind1=" " ind2="7" tag="651"><subfield code="a">Illinois</subfield><subfield code="z">Highland Park.</subfield><subfield code="2">fast</subfield><subfield code="0">(OCoLC)fst01209967</subfield></datafield><datafield ind1=" " ind2="7" tag="655"><subfield code="a">Newspapers.</subfield><subfield code="2">fast</subfield><subfield code="0">(OCoLC)fst01423814</subfield></datafield><datafield ind1=" " ind2=" " tag="752"><subfield code="a">United States</subfield><subfield code="b">Illinois</subfield><subfield code="c">Lake</subfield><subfield code="d">Highland Park.</subfield></datafield><datafield ind1="0" ind2="0" tag="785"><subfield code="t">Highland Park star and Highland Parker</subfield><subfield code="w">(DLC)sn 98063279</subfield><subfield code="w">(OCoLC)40176096</subfield></datafield></record>